<?xml version="1.0" encoding="utf-8"?>
<record xmlns="http://www.loc.gov/MARC21/slim" xmlns:xsi="http://www.w3.org/2001/XMLSchema-instance" xsi:schemaLocation="http://www.loc.gov/MARC21/slim http://www.loc.gov/standards/marcxml/schema/MARC21slim.xsd">
	<leader>     nam a22     Mi 4500</leader>
	<controlfield tag="001">774126</controlfield>
	<controlfield tag="003">NjP</controlfield>
	<controlfield tag="006">m        d        </controlfield>
	<controlfield tag="007">cr cn |||m|||a</controlfield>
	<controlfield tag="008">200724s1982    ir      o     000 0 ara d</controlfield>
	<datafield ind1=" " ind2=" " tag="040">
		<subfield code="a">ZYU</subfield>
		<subfield code="b">ara</subfield>
		<subfield code="e">rda</subfield>
		<subfield code="c">ZYU</subfield>
	</datafield>
	<datafield ind1=" " ind2="4" tag="050">
		<subfield code="a">BP166.93</subfield>
		<subfield code="b">.A841 1982</subfield>
	</datafield>
	<datafield ind1="1" ind2=" " tag="100">
		<subfield code="6">880-01</subfield>
		<subfield code="a">ʻAskarī, Najm al-Dīn Jaʻfar ibn Muḥammad.</subfield>
	</datafield>
	<datafield ind1="1" ind2="0" tag="245">
		<subfield code="a">Mahdī al-mawʻūd al-muntaẓar ʻinda ʻulamāʼ ahl al-sunnah wa-al-imāmīyah /</subfield>
		<subfield code="c">Najm al-Dīn Jaʻfar ibn Muḥammad al-ʻAskarī.</subfield>
	</datafield>
	<datafield ind1=" " ind2=" " tag="260">
		<subfield code="6">880-02</subfield>
		<subfield code="a">Tihrān :</subfield>
		<subfield code="b">Mua̓ssasat al-Imām al-Mahdī,</subfield>
		<subfield code="c">1402 [1982]</subfield>
	</datafield>
	<datafield ind1=" " ind2=" " tag="300">
		<subfield code="a">online resource (2 volumes)</subfield>
	</datafield>
	<datafield ind1=" " ind2=" " tag="336">
		<subfield code="a">text</subfield>
		<subfield code="2">rdacontent</subfield>
	</datafield>
	<datafield ind1=" " ind2=" " tag="337">
		<subfield code="a">computer</subfield>
		<subfield code="2">rdamedia</subfield>
	</datafield>
	<datafield ind1=" " ind2=" " tag="338">
		<subfield code="a">online resource</subfield>
		<subfield code="2">rdacarrier</subfield>
	</datafield>
	<datafield ind1="1" ind2=" " tag="490">
		<subfield code="a">Mua̓ssasat al-Imām al-Mahdī ;</subfield>
		<subfield code="v">14-15</subfield>
	</datafield>
	<datafield ind1=" " ind2=" " tag="500">
		<subfield code="a">Part of the Arabic Collections Online (ACO) project, contributed by Princeton University Libraries.</subfield>
	</datafield>
	<datafield ind1=" " ind2=" " tag="533">
		<subfield code="a">Electronic reproduction.</subfield>
		<subfield code="b">New York, N.Y. :</subfield>
		<subfield code="c">New York University,</subfield>
		<subfield code="d">2020.</subfield>
		<subfield code="5">NNU</subfield>
	</datafield>
	<datafield ind1=" " ind2="0" tag="650">
		<subfield code="a">Mahdi</subfield>
		<subfield code="v">Early works to 1800.</subfield>
	</datafield>
	<datafield ind1=" " ind2="7" tag="650">
		<subfield code="a">Mahdi.</subfield>
		<subfield code="2">fast</subfield>
		<subfield code="0">(OCoLC)fst01005989</subfield>
	</datafield>
	<datafield ind1=" " ind2="7" tag="655">
		<subfield code="a">Early works.</subfield>
		<subfield code="2">fast</subfield>
		<subfield code="0">(OCoLC)fst01411636</subfield>
	</datafield>
	<datafield ind1="2" ind2=" " tag="710">
		<subfield code="a">Princeton University.</subfield>
		<subfield code="b">Library.</subfield>
	</datafield>
	<datafield ind1="0" ind2=" " tag="730">
		<subfield code="a">Arabic Collections Online.</subfield>
	</datafield>
	<datafield ind1="0" ind2="8" tag="776">
		<subfield code="i">Online version:</subfield>
		<subfield code="a">ʻAskarī, Najm al-Dīn Jaʻfar ibn Muḥammad.</subfield>
		<subfield code="t">Mahdī al-mawʻūd al-muntaẓar ʻinda ʻulamāʼ ahl al-sunnah wa-al-imāmīyah.</subfield>
		<subfield code="d">Tihrān : Mua̓ssasat al-Imām al-Mahdī, 1402 [1982]</subfield>
		<subfield code="w">(OCoLC)639498961</subfield>
	</datafield>
	<datafield ind1="0" ind2="8" tag="776">
		<subfield code="i">Print version:</subfield>
		<subfield code="a">ʻAskarī, Najm al-Dīn Jaʻfar ibn Muḥammad.</subfield>
		<subfield code="t">Mahdī al-mawʻūd al-muntaẓar ʻinda ʻulamāʼ ahl al-sunnah wa-al-imāmīyah</subfield>
		<subfield code="w">(NjP)774126</subfield>
		<subfield code="w">(OCoLC)15114684</subfield>
	</datafield>
	<datafield ind1=" " ind2="0" tag="830">
		<subfield code="a">Mua̓ssasat al-Imām al-Mahdī ;</subfield>
		<subfield code="v">14-15.</subfield>
	</datafield>
	<datafield ind1="4" ind2="0" tag="856">
		<subfield code="u">http://hdl.handle.net/2333.1/b2rbp8p2</subfield>
	</datafield>
	<datafield ind1="4" ind2="0" tag="856">
		<subfield code="u">http://hdl.handle.net/2333.1/b2rbp8p2</subfield>
	</datafield>
	<datafield ind1="0" ind2=" " tag="880">
		<subfield code="6">100-01</subfield>
		<subfield code="a">نجم الدين جعفر بن محمد العسكري.</subfield>
	</datafield>
	<datafield ind1="1" ind2="2" tag="880">
		<subfield code="6">245-00</subfield>
		<subfield code="a">المهدي الموعود المنتظر عند علماء اهل السنة والامامية /</subfield>
		<subfield code="c">نجم الدين جعفر بن محمد العسكري.</subfield>
	</datafield>
	<datafield ind1=" " ind2=" " tag="880">
		<subfield code="6">260-02</subfield>
		<subfield code="a">تهران :</subfield>
		<subfield code="b">مؤسسة الامام المهدي،</subfield>
		<subfield code="c">١٤٠٢ [١٩٨٢]</subfield>
	</datafield>
	<datafield ind1="0" ind2=" " tag="880">
		<subfield code="6">490-00</subfield>
		<subfield code="a">مؤسسة الامام المهدي ؛</subfield>
		<subfield code="v">١٤-١٥</subfield>
	</datafield>
	<datafield ind1=" " ind2=" " tag="959">
		<subfield code="a">NNU</subfield>
		<subfield code="b">WEB</subfield>
		<subfield code="c">GENI</subfield>
		<subfield code="t">0</subfield>
		<subfield code="m">Electronic access</subfield>
		<subfield code="s">01</subfield>
	</datafield>
	<datafield ind1=" " ind2=" " tag="959">
		<subfield code="a">NNU</subfield>
		<subfield code="b">WEB</subfield>
		<subfield code="c">GENI</subfield>
		<subfield code="t">0</subfield>
		<subfield code="m">Electronic access</subfield>
		<subfield code="s">01</subfield>
	</datafield>
	<datafield ind1=" " ind2=" " tag="999">
		<subfield code="i">NjP_774126</subfield>
		<subfield code="o">(OCoLC)ocm15114684 </subfield>
		<subfield code="s">princeton_aco003090:juz 1</subfield>
		<subfield code="s">princeton_aco003243:juz 2</subfield>
		<subfield code="e">(ERROR-880)</subfield>
	</datafield>
</record>
